<?xml version="1.0" encoding="UTF-8"?><collection xmlns="http://www.loc.gov/MARC21/slim"><record><leader>00423nam--2200157-i-4500</leader><controlfield tag="001">000029765</controlfield><controlfield tag="002">20161230</controlfield><controlfield tag="005">20170122224104</controlfield><controlfield tag="008">060222s1000------------r-----000-0-eng-d</controlfield><datafield ind1="1" ind2=" " tag="100"><subfield code="a">Reiner, Irving</subfield></datafield><datafield ind1=" " ind2=" " tag="245"><subfield code="a">Integral representations</subfield></datafield><datafield ind1=" " ind2=" " tag="260"><subfield code="a">Berlin</subfield><subfield code="b">Springer-Verlag</subfield><subfield code="c">1979</subfield></datafield><datafield ind1=" " ind2=" " tag="490"><subfield code="a">Lecture Notes In Mathematics</subfield><subfield code="v">Vol. 744</subfield></datafield><datafield ind1=" " ind2=" " tag="700"><subfield code="a">Roggenkamp, Klaus W</subfield></datafield><datafield ind1=" " ind2=" " tag="852"><subfield code="a">49151</subfield><subfield code="c">512</subfield></datafield><datafield ind1=" " ind2=" " tag="CAT"><subfield code="a">SYS</subfield><subfield code="c">20170122</subfield><subfield code="h">224104</subfield></datafield></record></collection>